<?xml version="1.0" encoding="UTF-8"?><record xmlns="http://www.loc.gov/MARC21/slim" xmlns:cinclude="http://apache.org/cocoon/include/1.0" xmlns:zs="http://www.loc.gov/zing/srw/">
  <leader>00379nz  a2200121n  4500</leader>
  <controlfield tag="001">n  88670560 </controlfield>
  <controlfield tag="003">DLC</controlfield>
  <controlfield tag="005">19881027154759.9</controlfield>
  <controlfield tag="008">881027n| acannaab|          |n and |||  </controlfield>
  <datafield tag="010" ind1=" " ind2=" ">
    <subfield code="a">n  88670560 </subfield>
  </datafield>
  <datafield tag="040" ind1=" " ind2=" ">
    <subfield code="a">DLC</subfield>
    <subfield code="c">DLC</subfield>
  </datafield>
  <datafield tag="110" ind1="2" ind2="0">
    <subfield code="a">Ingham County Arts Commission</subfield>
  </datafield>
  <datafield tag="670" ind1=" " ind2=" ">
    <subfield code="a">nuc88-12023: Art, 1985</subfield>
    <subfield code="b">(hdg. on MiEM rept.: Ingham County Arts Commission; usage: Ingham County Arts Commission)</subfield>
  </datafield>
</record>